<record xmlns="http://www.loc.gov/MARC21/slim">
   <leader>03541pam a2200457 i 4500</leader>
   <controlfield tag="001">6755048</controlfield>
   <controlfield tag="003">OCoLC</controlfield>
   <controlfield tag="005">20150116113345.0</controlfield>
   <controlfield tag="008">140507s2015    enk      b    001 0 eng  </controlfield>
   <datafield ind1=" " ind2=" " tag="010">
      <subfield code="a">  2014018176</subfield>
   </datafield>
   <datafield ind1=" " ind2=" " tag="015">
      <subfield code="a">GBB4D8025</subfield>
      <subfield code="2">bnb</subfield>
   </datafield>
   <datafield ind1=" " ind2=" " tag="015">
      <subfield code="a">GBB4D8904</subfield>
      <subfield code="2">bnb</subfield>
   </datafield>
   <datafield ind1="7" ind2=" " tag="016">
      <subfield code="a">016965509</subfield>
      <subfield code="2">Uk</subfield>
   </datafield>
   <datafield ind1="7" ind2=" " tag="016">
      <subfield code="a">016966388</subfield>
      <subfield code="2">Uk</subfield>
   </datafield>
   <datafield ind1=" " ind2=" " tag="020">
      <subfield code="a">9780415745482 (hardback)</subfield>
   </datafield>
   <datafield ind1=" " ind2=" " tag="020">
      <subfield code="a">0415745489 (hardback)</subfield>
   </datafield>
   <datafield ind1=" " ind2=" " tag="020">
      <subfield code="z">9781315797854 (ebook)</subfield>
   </datafield>
   <datafield ind1=" " ind2=" " tag="035">
      <subfield code="a">ocn871789384</subfield>
   </datafield>
   <datafield ind1=" " ind2=" " tag="039">
      <subfield code="a">exclude</subfield>
   </datafield>
   <datafield ind1=" " ind2=" " tag="040">
      <subfield code="a">DLC</subfield>
      <subfield code="b">eng</subfield>
      <subfield code="e">rda</subfield>
      <subfield code="c">DLC</subfield>
      <subfield code="d">YDXCP</subfield>
      <subfield code="d">BTCTA</subfield>
      <subfield code="d">OCLCO</subfield>
      <subfield code="d">BDX</subfield>
      <subfield code="d">OCLCF</subfield>
      <subfield code="d">UKMGB</subfield>
      <subfield code="d">AEU</subfield>
   </datafield>
   <datafield ind1=" " ind2=" " tag="042">
      <subfield code="a">pcc</subfield>
   </datafield>
   <datafield ind1=" " ind2=" " tag="043">
      <subfield code="a">e-uk---</subfield>
   </datafield>
   <datafield ind1="0" ind2="0" tag="050">
      <subfield code="a">KD667.C65</subfield>
      <subfield code="b">S27 2015</subfield>
   </datafield>
   <datafield ind1="0" ind2="0" tag="082">
      <subfield code="a">343.4109/944</subfield>
      <subfield code="2">23</subfield>
   </datafield>
   <datafield ind1=" " ind2=" " tag="084">
      <subfield code="a">LAW096000</subfield>
      <subfield code="a">LAW106000</subfield>
      <subfield code="2">bisacsh</subfield>
   </datafield>
   <datafield ind1=" " ind2=" " tag="090">
      <subfield code="a">KD667 .C65 S27 2015</subfield>
      <subfield code="b">AEGMCT</subfield>
   </datafield>
   <datafield ind1="1" ind2=" " tag="100">
      <subfield code="a">Scaife, Laura,</subfield>
      <subfield code="e">author.</subfield>
   </datafield>
   <datafield ind1="1" ind2="0" tag="245">
      <subfield code="a">Handbook of social media and the law /</subfield>
      <subfield code="c">Laura Scaife.</subfield>
   </datafield>
   <datafield ind1=" " ind2="1" tag="264">
      <subfield code="a">Abingdon, Oxon ;</subfield>
      <subfield code="a">New York, NY :</subfield>
      <subfield code="b">Informa Law from Routledge,</subfield>
      <subfield code="c">2015.</subfield>
   </datafield>
   <datafield ind1=" " ind2=" " tag="300">
      <subfield code="a">lvi, 388 pages ;</subfield>
      <subfield code="c">26 cm</subfield>
   </datafield>
   <datafield ind1=" " ind2=" " tag="336">
      <subfield code="a">text</subfield>
      <subfield code="2">rdacontent</subfield>
   </datafield>
   <datafield ind1=" " ind2=" " tag="337">
      <subfield code="a">unmediated</subfield>
      <subfield code="2">rdamedia</subfield>
   </datafield>
   <datafield ind1=" " ind2=" " tag="338">
      <subfield code="a">volume</subfield>
      <subfield code="2">rdacarrier</subfield>
   </datafield>
   <datafield ind1=" " ind2=" " tag="504">
      <subfield code="a">Includes bibliographical references (pages 372-380) and index.</subfield>
   </datafield>
   <datafield ind1="0" ind2=" " tag="505">
      <subfield code="a">Introduction to social media and the law -- Human rights -- Defamation -- Communications Act 2003 -- Malicious Communications Act 1988 -- Serious Crime Act 2007 -- Crime and Disorder Act 1998 -- Public Order Act 1986 -- Protection from Harassment Act 1997 -- Computer Misuse Act 1990 -- Contempt of Court Act 1981 -- Evidence and procedure -- Data protection and privacy -- Trading and advertising standards -- FCA regulated bodies -- Insurance.</subfield>
   </datafield>
   <datafield ind1=" " ind2=" " tag="520">
      <subfield code="a">"The Social Media Handbook explains how the existing laws of defamation and communications based offences apply to social media communications and explores the tactical considerations both claimants and defendants must be aware of when dealing with cases involving social media. Social media covers a number of different platforms that enable a user to interact and share information such as comments, photographs, videos and audio, publicly or privately with other users online. The most well-known include LinkedIn, Twitter, YouTube, Wikipedia and Facebook. While there are existing works covering the law of defamation and communications based offences, this is the first book to cover the specific issues highlighted by social media. This practical guide offers practitioners' innovative ways to handle claims using the existing law and working within the rules of the platform providers themselves. The author also explores the risks which social media may present in a manner which allows in house counsel and communications professionals determine what procedures, policies, specifications and standards must be adopted in organisations' internal governance and explains how to build regulatory frameworks to achieve compliance. This book will be of great use to legal practitioners specialising in communications or internet law, in house counsel, communications professionals, journalists, students of communications law and anyone who uses social media in their work"--</subfield>
      <subfield code="c">Provided by publisher.</subfield>
   </datafield>
   <datafield ind1=" " ind2=" " tag="596">
      <subfield code="a">29</subfield>
   </datafield>
   <datafield ind1=" " ind2="0" tag="650">
      <subfield code="a">Social media</subfield>
      <subfield code="x">Law and legislation</subfield>
      <subfield code="z">Great Britain.</subfield>
   </datafield>
   <datafield ind1="4" ind2="2" tag="856">
      <subfield code="3">Cover image</subfield>
      <subfield code="u">http://images.tandf.co.uk/common/jackets/websmall/978041574/9780415745482.jpg</subfield>
   </datafield>
   <datafield ind1=" " ind2=" " tag="949">
      <subfield code="a">KD667 .C65 S27 2015</subfield>
      <subfield code="h">GMCT-OS-B</subfield>
      <subfield code="i">1007436247</subfield>
      <subfield code="p">215.20</subfield>
      <subfield code="k">AVAIL_SOON</subfield>
   </datafield>
   <datafield ind1=" " ind2=" " tag="926">
      <subfield code="a">KD667 .C65 S27 2015</subfield>
      <subfield code="w">LC</subfield>
      <subfield code="c">1</subfield>
      <subfield code="i">1007436247</subfield>
      <subfield code="d">3/5/2015</subfield>
      <subfield code="l">ON_SHELF</subfield>
      <subfield code="m">GR_MACEWAN</subfield>
      <subfield code="p">$215.20</subfield>
      <subfield code="r">Y</subfield>
      <subfield code="s">Y</subfield>
      <subfield code="t">BOOK</subfield>
      <subfield code="u">1/26/2015</subfield>
   </datafield>
</record>
